@Unpublished{匿名用户2017,
  author = {匿名用户},
  note   = {搜狗问问},
  title  = {比例极限和弹性极限的区别？},
  year   = {2017},
}

@Book{孙训方2009,
  author    = {孙训方},
  editor    = {黄毅},
  publisher = {高等教育出版社},
  title     = {材料力学（1）},
  year      = {2009},
}

@Unpublished{哈斯亚提·哈里丁2022,
  author = {哈斯亚提·哈里丁},
  note   = {教师PPT},
  title  = {材料力学},
}

@Unpublished{赵文,
  author = {赵文},
  note   = {教师PPT},
  title  = {材料力学},
}

@Unpublished{b站up主@土木光头强,
  author = {b站up主@土木光头强},
  note   = {视频课程},
  title  = {材料力学},
}

@Comment{jabref-meta: databaseType:bibtex;}
